<record><leader>00000cas a2200000 a 4500</leader><controlfield tag="001">10980653</controlfield><controlfield tag="008">840724d18921927nbudn ne      0    0eng d</controlfield><datafield ind1=" " ind2=" " tag="010"><subfield code="a">sn 84024327 </subfield></datafield><datafield ind1=" " ind2=" " tag="040"><subfield code="a">NPV</subfield><subfield code="b">eng</subfield><subfield code="c">NPV</subfield><subfield code="d">NVG</subfield><subfield code="d">CNK</subfield><subfield code="d">OCL</subfield><subfield code="d">OCLCQ</subfield><subfield code="d">DLC</subfield><subfield code="d">OCLCF</subfield><subfield code="d">OCLCO</subfield></datafield><datafield ind1=" " ind2=" " tag="042"><subfield code="a">msc</subfield></datafield><datafield ind1=" " ind2=" " tag="043"><subfield code="a">n-us-nb</subfield></datafield><datafield ind1="0" ind2="4" tag="245"><subfield code="a">The Omaha evening bee.</subfield></datafield><datafield ind1="1" ind2=" " tag="246"><subfield code="i">Published as:</subfield><subfield code="a">Omaha daily bee</subfield><subfield code="f">Oct. 21-Dec. 31, 1921</subfield></datafield><datafield ind1="1" ind2=" " tag="246"><subfield code="i">Title in publisher's box:</subfield><subfield code="a">Omaha bee</subfield><subfield code="f">Jan. 22, 1917-June 13, 1922; Mar. 25, 1924-Feb. 12, 1927</subfield></datafield><datafield ind1=" " ind2=" " tag="260"><subfield code="a">Omaha, [Neb.] :</subfield><subfield code="b">Edward Rosewater,</subfield><subfield code="c">1892-1927.</subfield></datafield><datafield ind1=" " ind2=" " tag="300"><subfield code="a">35 v. ;</subfield><subfield code="c">58 cm.</subfield></datafield><datafield ind1=" " ind2=" " tag="310"><subfield code="a">Daily (except Sun.)</subfield></datafield><datafield ind1="0" ind2=" " tag="362"><subfield code="a">22nd year, no. 175 (Dec. 12, 1892)-v. 56, no. 210 (Feb. 12, 1927).</subfield></datafield><datafield ind1=" " ind2=" " tag="515"><subfield code="a">Issues lack numbering, 1893-1906.</subfield></datafield><datafield ind1=" " ind2=" " tag="580"><subfield code="a">Weekly ed.: Weekly bee (Omaha, Neb.), 1892-1900.</subfield></datafield><datafield ind1=" " ind2=" " tag="580"><subfield code="a">Morning eds.: Omaha daily bee (Omaha, Neb.: Morning ed.), 1892-1922; Omaha morning bee, 1922-1927.</subfield></datafield><datafield ind1=" " ind2=" " tag="580"><subfield code="a">Sunday ed.: Omaha Sunday bee.</subfield></datafield><datafield ind1=" " ind2=" " tag="580"><subfield code="a">Merged with: Omaha daily news, to form: Omaha evening bee, the Omaha daily news.</subfield></datafield><datafield ind1=" " ind2="0" tag="651"><subfield code="a">Omaha (Neb.)</subfield><subfield code="v">Newspapers.</subfield></datafield><datafield ind1=" " ind2="7" tag="655"><subfield code="a">Newspapers.</subfield><subfield code="2">fast</subfield><subfield code="0">(OCoLC)fst01423814</subfield></datafield><datafield ind1=" " ind2="7" tag="651"><subfield code="a">Nebraska</subfield><subfield code="z">Omaha.</subfield><subfield code="2">fast</subfield><subfield code="0">(OCoLC)fst01204995</subfield></datafield><datafield ind1=" " ind2=" " tag="752"><subfield code="a">United States</subfield><subfield code="b">Nebraska</subfield><subfield code="c">Douglas</subfield><subfield code="d">Omaha.</subfield></datafield><datafield ind1="1" ind2=" " tag="775"><subfield code="t">Weekly bee (Omaha, Neb.)</subfield><subfield code="w">(DLC)sn 84022744</subfield></datafield><datafield ind1="1" ind2=" " tag="775"><subfield code="t">Omaha daily bee (Omaha, Neb. : Morning ed.)</subfield><subfield code="x">2169-7264</subfield><subfield code="w">(DLC)sn 99021999</subfield><subfield code="w">(OCoLC)42958170</subfield></datafield><datafield ind1="1" ind2=" " tag="775"><subfield code="t">Omaha morning bee</subfield><subfield code="w">(DLC)sn 84024326</subfield></datafield><datafield ind1="1" ind2=" " tag="775"><subfield code="t">Omaha Sunday bee</subfield><subfield code="w">(DLC)sn 95073407</subfield></datafield><datafield ind1="1" ind2=" " tag="776"><subfield code="c">Microfilm</subfield><subfield code="d">Nebraska State Historical Society</subfield><subfield code="w">(DLC)sn 95073284</subfield></datafield><datafield ind1="0" ind2="0" tag="780"><subfield code="t">Omaha daily bee</subfield><subfield code="w">(DLC)sn 84022743</subfield></datafield><datafield ind1="1" ind2="7" tag="785"><subfield code="t">Omaha daily news</subfield><subfield code="w">(DLC)sn 86063457</subfield></datafield><datafield ind1="1" ind2="7" tag="785"><subfield code="t">Omaha evening bee, the Omaha daily news</subfield></datafield></record>